%This file was created with JabRef 2.1.
%Encoding: Cp1252

@ARTICLE{Adve:1996,
  author = {S. V. Adve and K. Gharachorloo},
  title = {{Shared Memory Consistency Models}},
  journal = {IEEE Computer},
  year = {1996},
  volume = {29},
  pages = {66-76},
  number = {12}
}

@MISC{Cart3D:2007,
  author = {M. J. Aftosmis},
  title = {Cart3D v1.3},
  howpublished = {\url{http://people.nas.nasa.gov/~aftosmis/cart3d/}},
  year = {2007},
  annote = {CART3D}
}

@article{ijhpcn-MemMgmt,
  author    = {J. Sewall and S. J. Pennycook and A. Duran and C. Terboven and X. Tian and R. Narayanaswamy},
  title     = {\emph{Developments in Memory Management in OpenMP}},
  journal   = {{To appear in IJHPCN}},
}

@MISC{TSGPKD:2015,
  author = {Xinmin Tian and Hideki Saito and Milind Girkar and Serguei Preis and Sergey Kozhukhov and Alejandro Duran},
  title = {\emph{Putting Vector Programming to Work with OpenMP SIMD}},
  howpublished = {\url{https://goparallel.sourceforge.net/putting-vector-programming-to-work-with-openmp-simd/}},
  year = {2015},
}

@BOOK{IntelJeffersReindersSodani,
  title = {{Intel Xeon Phi Processor High Performance Programming \textendash Knights Landing Edition}},
  publisher = {Morgan Kaufmann, Elsevier},
  year = {2016},
  author = {Jim Jeffers and James Reinders and Avinash Sodani},
  address = {Cambridge, MA},
  isbn = {978-0-12-809194-4}
}

@BOOK{AhoCompilers:1986,
  title = {Compilers: {P}rinciples, techniques, and tools},
  publisher = {Addison-Wesley Longman Publishing Co.},
  year = {1986},
  author = {Alfred V. Aho and Ravi Sethi and Jeffrey D. Ullman},
  address = {Boston, MA},
  isbn = {0-201-10088-6}
}

@ARTICLE{AlmasiDissecting2003,
  author = {George Almasi and Calin Cascaval and Jose G. Castanos and Monty Denneau
	and Derek Lieber and Jose E. Moreira and Henry S. Warren Jr.},
  title = {Dissecting {Cyclops}: {A} detailed analysis of a multithreaded architecture},
  journal = {SIGARCH Comput. Archit. News},
  year = {2003},
  volume = {31},
  pages = {26--38},
  number = {1},
  address = {New York, NY},
  doi = {http://doi.acm.org/10.1145/773365.773369},
  issn = {0163-5964},
  publisher = {ACM Press}
}

@BOOK{Almasi:1994,
  title = {Highly Parallel Computing},
  publisher = {Benjamin/Cummings},
  year = {1994},
  author = {G.S. Almasi and A. Gottlieb},
  address = {Menlo Park, CA}
}

@MISC{AMD-ACML,
  author = {AMD\texttrademark},
  title = {AMD Core Math Library},
  howpublished = {\url{http://developer.amd.com/acml.aspx}},
  annote = {AMD-ACML}
}

@ARTICLE{AmzaTreadMarks:1996,
  author = {Cristinana Amza and Alan L. Cox and Sandhya Dwarkadas and Pete Keleher
	and Honghui Lu and Ramakrishnan Rajamony and Weimin Yu and Willy
	Zwaenepoel},
  title = {TreadMarks: Shared Memory Computing on Networks of Workstations},
  journal = {IEEE Computer},
  year = {1996},
  volume = {29},
  pages = {18--28},
  number = {2},
  month = {Feburary},
  issn = {0018-9162}
}

@INCOLLECTION{AnanianUnbounded2005,
  author = {Ananian, C. Scott and Asanovic, Krste and Kuszmaul, Bradley C. and
	Leiserson, Charles E. and Lie, Sean},
  title = {Unbounded Transactional Memory},
  booktitle = {Proceedings of the Eleventh International Symposium on High-Performance
	Computer Architecture},
  year = {2005},
  pages = {316--327},
  month = {Feb},
  pdf = {http://www.cag.csail.mit.edu/scale/papers/utm-hpca2005.pdf}
}

@MISC{LAPACK:2000,
  author = {Anderson, E. and Bai, Z. and Bischof, C. and Blackford, S. and Demmel,
	J. and Dongarra, J. and Du Croz, J. and Greenbaum, A. and Hammarling,
	S. and McKenney, A. and Sorensen, D.},
  title = {{LAPACK} -- {Linear} {Algebra} {PACKage} {Version} 3.0},
  howpublished = {\url{http://www.netlib.org/lapack/index.html}},
  year = {2000},
  annote = {lapack}
}

@BOOK{laug,
  title = {{LAPACK} Users' Guide},
  publisher = {Society for Industrial and Applied Mathematics},
  year = {1999},
  author = {Anderson, E. and Bai, Z. and Bischof, C. and Blackford, S. and Demmel,
	J. and Dongarra, J. and Du Croz, J. and Greenbaum, A. and Hammarling,
	S. and McKenney, A. and Sorensen, D.},
  address = {Philadelphia, PA},
  edition = {Third},
  isbn = {0-89871-447-8 (paperback)}
}

@BOOK{Andrews:2000,
  title = {Foundations of Multithreaded, Parallel, and Distributed Programming},
  publisher = {Addison-Wesley},
  address={Reading, MA},
  year = {2000},
  author = {G. R. Andrews }
}

@INPROCEEDINGS{AnnavaramMitigating2005,
  author = {Murali Annavaram and Ed Grochowski and John Shen},
  title = {{Mitigating Amdahl's Law through EPI Throttling}},
  booktitle = {ISCA '05: Proceedings of the 32nd Annual International Symposium
	on Computer Architecture},
  year = {2005},
  pages = {298--309},
  address = {Washington, DC},
  publisher = {IEEE Computer Society},
  doi = {http://dx.doi.org/10.1109/ISCA.2005.36},
  isbn = {0-7695-2270-X}
}

@INPROCEEDINGS{AslotSPEComp:2001,
  author = {Vishal Aslot and Max J. Domeika and Rudolf Eigenmann and Greg Gaertner
	and Wesley B. Jones and Bodo Parady},
  title = {{SPEComp}: A {New Benchmark Suite for Measuring Parallel Computer Performance}},
  booktitle = {WOMPAT '01: Proceedings of the International Workshop on OpenMP Applications
	and Tools},
  year = {2001},
  pages = {1--10},
  address = {London, UK},
  publisher = {Springer-Verlag},
  isbn = {3-540-42346-X}
}

@INPROCEEDINGS{AyguadeNANOSCompiler:1999,
  author = {E. Ayguad\'e and M. Gonz\`alez and X. Martorell and J. Oliver and
	J. Labarta and N. Navarro},
  title = {{NANOSC}ompiler: A Research Platform for {OpenMP} Extensions},
  booktitle = {The First European Workshop on OpenMP},
  year = {1999},
  pages = {27-31},
  address = {Lund, Sweden},
  month = {October}
}

@INPROCEEDINGS{Ayguad\'eIs2003,
  author={Eduard Ayguad{\'e} and Bob Blainey and Alejandro Duran and Jes{\'u}s
    Labarta and Francisco Mart\'{\i}nez and Xavier Martorell and Ra{\'u}l Silvera},
  title={{Is the Schedule Clause Really Necessary in OpenMP?}},
  booktitle={WOMPAT '03},
  year={2003},
  pages={147-159},
  bibsource={DBLP, http://dblp.uni-trier.de},
  crossref={DBLP:conf/wompat/2003},
  ee={http://link.springer.de/link/service/series/0558/bibs/2716/27160147.htm}
}


@INPROCEEDINGS{AyguadeExploiting1999,
  author = {Eduard Ayguade and Xavier Martorell and Jesus Labarta and Marc Gonzalez
	and Nacho Navarro},
  title = {{Exploiting Multiple Levels of Parallelism in OpenMP: A Case Study}},
  booktitle = {International Conference on Parallel Processing},
  year = {1999},
  pages = {172-180},
  url = {citeseer.ist.psu.edu/ayguade99exploiting.html}
}

@INPROCEEDINGS{Ayguade:2004,
  author = {E. Ayguad√© and M. Gonzalez and X. Martorell and G. Jost },
  title = {{Employing Nested OpenMP for the Parallelization of Multi-Zone Computational
	Fluid Dynamics Applications}},
  booktitle = {Proceedings of the 18th International Parallel and Distributed Processing
	Symposium (IPDPS'2004)},
  year = {2004},
  annote = {NPB-Nanos}
}

@MISC{Leasure:1994,
  author = {B. Leasure, ed.},
  title = { Parallel Processing Model for High Level Programming Languages},
  howpublished = {Draft Proposed American National Standard for Information Processing
	Systems},
  year = {1994},
  annote = {X3H5}
}

@ARTICLE{Bailey:1994,
  author = {D. Bailey and E. Barscz and J. Barton and D. Browning. R. Carter
	and L. Dagum and R. Fatoohi and S. Fineberg and P. Frederickson
	and T. Lasinski and R. Schreiber and H. Simon and V. Venkatakrishnan
	and S. Weeratunga},
  title = {{The NAS Parallel Benchmarks}},
  journal = {NAS Technical Report RNR-94-007},
  year = {1994},
  annote = {NPB}
}

@ARTICLE{Bailey:1995,
  author = {D. Bailey and T. Harris and W. C. Saphir and R. F. Van der Wijngaart
	and A. C. Woo and M. Yarrow.},
  title = {{The NAS Parallel Benchmarks 2.0}},
  journal = {NAS Technical Report NAS-95-020},
  year = {1995},
  annote = {NPB2}
}

@ARTICLE{Barton:1986,
  author = {E. Barton and J. Cownie and M. McLaren},
  title = {{Message Passing on the Meiko CS-2}},
  journal = {Parallel Computing},
  year = {1994},
  volume = {20},
  pages = {497-507},
  number = {4},
  annote = {Meiko CS2}
}

@INPROCEEDINGS{BasumallikTowards2002,
  author = {Ayon Basumallik and Seung-Jai Min and Rudolf Eigenmann},
  title = {Towards {OpenMP} Execution on Software Distributed Shared Memory Systems},
  booktitle = {Proceedings of the 4th International Symposium on High Performance
	Computing},
  year = {2002},
  pages = {457--468},
  publisher = {Springer-Verlag},
  isbn = {3-540-43674-X}
}

@TECHREPORT{BBN:1986,
  author = {BBN},
  title = {{Butterfly Parallel Processor Overview}},
  institution = {BBN Laboratories Inc.},
  year = {1986},
  note = {BBN Report No. 6149, version 2},
  annote = {BBN}
}

@ARTICLE{Berger:2005,
  author = {M. J. Berger and M. J. Aftosmis and D. D. Marshall and S. M. Murman},
  title = {{Performance of a new {CFD} flow solver using a hybrid programming paradigm}},
  journal = {Journal of Parallel and Distributed Computing},
  year = {2005},
  volume = {65},
  pages = {414-423},
  annote = {flowcart}
}

@ARTICLE{Bernstein:1966,
  author = {A.J. Bernstein},
  title = {Analysis of programs for parallel processing},
  journal = {IEEE Transactions on Computers},
  year = {1966},
  volume = {EC-15},
  pages = {757-762},
  number = {5},
  annote = {independence}
}

@INPROCEEDINGS{blumofe95cilk,
  author = {R. Blumofe and C. Joerg and B. Kuszmaul and C. Leiserson and K. Randall
	and Y. Zhou},
  title = {{Cilk}: {An Efficient Multithreaded Runtime System}},
  booktitle = {Proceedings of the 5th Symposium on Principles and Practice of Parallel
	Programming},
  year = {1995},
  url = {citeseer.ist.psu.edu/article/blumofe95cilk.html}
}

@article{blumofe96cilk,
  author={Robert D. Blumofe and Christopher F. Joerg and Bradley C. Kuszmaul and
    Charles E. Leiserson and Keith H. Randall and Yuli Zhou},
  title={{Cilk}: {An Efficient Multithreaded Runtime System}},
  journal={Journal of Parallel and Distributed Computing},
  volume={37},
  number={1},
  pages={55--69},
  year={1996}
}


@ARTICLE{Bomans:1989,
  author = {L. Bomans and D. Roose},
  title = {{Benchmarking the iPSC/2 Hypercube Multiprocessor}},
  journal = {Concurrency: Practice and Experience},
  year = {1989},
  volume = {1},
  pages = {3-18},
  number = {1},
  annote = {iPSC}
}

@ARTICLE{BrunschenOdinMP/CCp2000,
  author = {Christian Brunschen and Mats Brorsson},
  title = {Odin{MP/CCp} -- a portable implementation of {OpenMP} for {C}},
  journal = {Concurrency -- Practice and Experience},
  year = {2000},
  volume = {12},
  pages = {1193-1203},
  number = {12},
  bibsource = {DBLP, http://dblp.uni-trier.de}
}

@INPROCEEDINGS{BullMicrobenchmark2001,
  author = {J. M. Bull and D. O'Neill},
  title = {{A Microbenchmark Suite for OpenMP 2.0}},
  booktitle = {Proceedings of the Third European Workshop on {OpenMP} (EWOMP'01)},
  year = {2001},
  address = {Barcelona, Spain},
  month = {September}
}

@INPROCEEDINGS{BullOpenMP2000,
  author = {J. M. Bull and M. D. Westhead},
  title = {Towards {O}pen{MP} for {J}ava},
  booktitle = {in Proceedings of the Second European Workshop on OpenMP},
  year = {2000},
  pages = {98-105},
  address = {Edinburgh, UK},
  owner = {liao},
  timestamp = {2006.11.03}
}

@INPROCEEDINGS{BurceaManaging2005,
  author = {Mihai Burcea and Michael Voss},
  title = {{Managing Compilation Overheads in a Runtime Specializer for OpenMP}},
  booktitle = {IASTED PDCS},
  year = {2005},
  pages = {181-186},
  bibsource = {DBLP, http://dblp.uni-trier.de}
}

@INPROCEEDINGS{BurceaRuntime2003,
  author = {Mihai Burcea and Michael Voss},
  title = {A Runtime Optimization System for {OpenMP}},
  booktitle = {WOMPAT '03},
  year = {2003},
  pages = {42-53},
  bibsource = {DBLP, http://dblp.uni-trier.de},
  ee = {http://link.springer.de/link/service/series/0558/bibs/2716/27160042.htm}
}

@BOOK{ButtlarPthreads1996,
  title = {Pthreads Programming},
  publisher = {O'Reilly \& Associates, Inc.},
  year = {1996},
  author = {Dick Buttlar and Bradford Nichols and Jacqueline Proulx Farrell}
}

@TECHREPORT{CarlsonIntroduction1999,
  author = {Carlson, W. W. and Draper, J. M. and Culler, D. E. and K. Yelick
	and E. Brooks and Warren, K.},
  title = {Introduction to {UPC} and Language Specification},
  institution = {Center for Computing Sciences},
  year = {1999},
  month = {May}
}

@MISC{NPB-source:1995,
  author = {NASA Ames research Center},
  title = {{NAS Parallel Benchmarks}},
  howpublished = {\url{http://www.nas.nasa.gov/Resources/Software/npb.html}},
  annote = {NPB-source}
}

@BOOK{Chandy:1988,
  title = {Parallel Program Design: A Foundation},
  publisher = {Addison-Wesley},
  year = {1988},
  author = {K.M. Chandy and J. Misra},
  address = {Reading, MA}
}

@BOOK{ChapmanEtAl:2007,
  title = {{Using OpenMP\textemdash Portable Shared Memory Programming}},
  publisher = {The MIT Press},
  year = {2007},
  author = {{Barbara Chapman, Gabriele Jost, and Ruud van der Pas}},
  address = {Cambridge, MA}
}

@ARTICLE{ChapmanAchieving2002,
  author = {Chapman, B. and Bregier, F. and Patil, A. and Prabhakar, A.},
  title = {Achieving High Performance under {OpenMP} on {ccNUMA} and Software
	Distributed Shared Memory Systems},
  journal = {Concurrency and Computation Practice and Experience},
  year = {2002},
  volume = {14},
  pages = {1-17}
}

@INPROCEEDINGS{ChapmanPerformance2001,
  author = {Barbara Chapman and Amit Patil and Achal Prabhakar },
  title = {Performance Oriented Programming for {NUMA} Architectures},
  booktitle = {{OpenMP} Shared Memory Parallel Programming: International Workshop
	on {OpenMP} Applications and Tools, WOMPAT '01},
  year = {2001},
  pages = {137--154},
  publisher = {Springer-Verlag Heidelberg},
  date = {July 30-31},
  issn = {0302-9743},
  location = {West Lafayette, IN}
}

@INPROCEEDINGS{ChapmanCougar:2002,
  author = {Chapman, B. and Weng, T.-H. and Hernandez, O. and Liu, Z. and Huang,
	L. and Wen, Y. and Adhianto, L.},
  title = {{Cougar}: An Interactive Tool for Cluster Computing},
  booktitle = {the 6th World Multiconference on Systemics, Cybernetics and Informatics},
  year = {2002},
  address = {Orlando, Florida,}
}

@INPROCEEDINGS{ChapmanExtending2006,
  author = {Barbara M. Chapman and Lei Huang and Haoqiang Jin and Gabriele Jost
	and Bronis R. de Supinski},
  title = {{Toward Enhancing OpenMP's Work-Sharing Directives}},
  booktitle = {Europar 2006},
  year = {2006},
  pages = {645-654}
}

@TECHREPORT{ChapmanSupport2005,
  author = {Barbara M. Chapman and Lei Huang and Gabriele Jost and Haoqiang Jin
	and Bronis R. de Supinski},
  title = {Support for Flexibility and User Control of Worksharing in {OpenMP}},
  institution = {National Aeronautics and Space Administration},
  year = {2005},
  number = {NAS-05-015},
  month = {October}
}

@ARTICLE{ChenMedia2002,
  author = {Y.-K. Chen and M. Holliman and E. Debes and S. Zheltov and A. Knyazev
	and S. Bratanov and R. Belenov and I. Santos},
  title = {Media Applications on HyperThreading Technology},
  journal = {Intel Technology Journal},
  year = {2002},
  volume = {1},
  owner = {leo},
  timestamp = {2006.10.30}
}

@INPROCEEDINGS{ChenORC-OpenMP2004,
  author = {Yongjian Chen and Jianjiang Li and Shengyuan Wang and Dingxing Wang},
  title = {{ORC-OpenMP}: An {OpenMP} Compiler Based on {ORC}},
  booktitle = {International Conference on Computational Science},
  year = {2004},
  pages = {414-423},
  bibsource = {DBLP, http://dblp.uni-trier.de},
  ee = {http://springerlink.metapress.com/openurl.asp?genre=article{\&}issn=0302-9743{\&}volume=3038{\&}spage=414}
}

@BOOK{CooperEngineering2004,
  title = {Engineering a Compiler},
  publisher = {Morgan Kaufmann Publishers, Inc.},
  year = {2004},
  address = {SanFrancisco},
  author = {Keith D. Cooper and Linda Torczon},
  bibsource = {DBLP, http://dblp.uni-trier.de},
  isbn = {1-55860-699-8}
}

@MISC{CoptyOpenMP2005,
  author = {Nawal Copty},
  title = {{OpenMP support in Sun Studio compilers and tools}},
  howpublished = {\url{http://developers.sun.com/prodtech/cc/articles/studio_openmp.html}},
  month = {December},
  year = {2005},
  owner = {leo},
  timestamp = {2006.11.02}
}


@MISC{Compaq:2001,
  author = {Compaq Computer Corporation},
  title = {{Tru64 UNIX Compaq C Language Reference Manual}},
  howpublished = {\url{http://h30097.www3.hp.com/dtk/Compaq_C_Compiler/doc/lrm/TITLE.HTM}},
  year = {2001},
  annote = {Tru64}
}

@INPROCEEDINGS{CostaRunning2004,
  author = {Costa, J. J. and Cortes, T. and Martorell, X. and Ayguade, E. and
	Labarta, J.},
  title = {{Running OpenMP Applications Efficiently on an Everything-Shared SDSM}},
  booktitle = {Proceedings of the 18th International Parallel and Distributed Processing
	Symposium (IPDPS '04)},
  year = {2004},
  publisher = {IEEE},
  location = {Santa Fe, New Mexico, United States}
}

@INPROCEEDINGS{CoxPerformance1999,
  author = {Alan L. Cox and Eyal de Lara and Charlie Hu and Willy Zwaenepoel},
  title = {A Performance Comparison of Homeless and Home-Based Lazy Release
	Consistency Protocols in Software Shared Memory},
  booktitle = {HPCA '99: Proceedings of the 5th International Symposium on High
	Performance Computer Architecture},
  year = {1999},
  pages = {279},
  address = {Washington, DC},
  publisher = {IEEE Computer Society},
  isbn = {0-7695-0004-8}
}

@INCOLLECTION{Culler:1994,
  author = {D.E. Culler},
  title = {Multithreading: Fundamental Limits, Potential Gains, and Alternatives},
  booktitle = {Multithreaded Computer Architecture: A Summary of the State of the
	Art},
  publisher = {Kluwer Academic},
  year = {1994},
  editor = {R. Iannucci},
  pages = {97-138},
  annote = {limit2}
}

@BOOK{Culler:1999,
  title = {Parallel Computer Architecture, A Hardware/Software Approach},
  publisher = {Morgan Kaufmann Publishers, Inc.},
  year = {1999},
  author = {D.E. Culler and J.P. Singh and A. Gupta},
  address = {San Francisco, CA},
  annote = {hw}
}

@INPROCEEDINGS{Curtis-MauryEvaluation2005,
  author = {Matthew Curtis-Maury and Xiaoning Ding and Christos D. Antonopoulos
	and Dimitrios S. Nikolopoulos},
  title = {{An Evaluation of OpenMP on Current and Emerging Multithreaded/Multicore Processors}},
  booktitle = {Proceedings of the 1st International Workshop on OpenMP (IWOMP)},
  year = {2005},
  address = {Eugene, OR },
  month = {June}
}

@INPROCEEDINGS{Curtis-MauryOnline2006,
  author = {Matthew Curtis-Maury and James Dzierwa and Christos D. Antonopoulis
	and Dimitros S. Nikolopoulos},
  title = {{Online Strategies for High-Performance Power-Aware Thread Execution
	on Emerging Multiprocessors}},
  booktitle = {Parallel and Distributed Processing Symposium, 2006 (IPDPS 2006)},
  year = {2006},
  pages = {8},
  month = {April}
}

@ARTICLE{Dennis:1966,
  author = {J. B. Dennis and E. C. Van Horn},
  title = {Programming semantics for multi-programmed computations},
  journal = {Comm. ACM },
  year = {1966},
  volume = {9},
  pages = {143-155},
  number = {3},
  annote = {fork-join introduced by:}
}

@INCOLLECTION{Dijkstra:1968,
  author = {E. W. Dijkstra},
  title = {Cooperating sequential processes},
  booktitle = {Programming Languages},
  publisher = {Academic Press},
  year = {1968},
  editor = {F. Genuys},
  pages = {43-112},
  address = {New York},
  annote = {producer consumer, dining phil, semaphores}
}

@ARTICLE{Dijkstra:1965,
  author = {E.W. Dijkstra},
  title = {Solution of a problem in concurrent programming control},
  journal = {Comm. ACM },
  year = {1965},
  volume = {8},
  pages = {569},
  number = {9},
  annote = {critical section problem}
}

@ARTICLE{Djomehri:2003,
  author = {M. Jahed Djomehri and Rupak Biswas},
  title = {{Performance enhancement strategies for multi-block overset grid CFD applications}},
  journal = {Parallel Computing},
  year = {2003},
  volume = {29},
  pages = {1791--1810 },
  annote = {overflow}
}

@INPROCEEDINGS{Eggers:1989,
  author = {S. Eggers and R. Katz},
  title = {{The Effect of Sharing on the Cache and Bus Performance of Parallel Programs}},
  booktitle = {Proceedings of the 3rd Int. Conf. on Architectural Support for Programming Languages
	and Operating Systems},
  year = {1989},
  pages = {257-270}
}

@INPROCEEDINGS{EigenmannIs2002,
  author = {Rudolf Eigenmann and Jay Hoeflinger and Robert H. Kuhn and David
	Padua and Ayon Basumallik and Seung-Jai Min and Jiajing Zhu},
  title = {{Is OpenMP for Grids?}},
  booktitle = {International Parallel and Distributed Processing Symposium (IPDPS'02)},
  year = {2002},
  address = {Fort Lauderdale, FL},
  month = {April}
}

@MISC{Etnus:2006,
  author = {Etnus},
  title = {TotalView\texttrademark},
  howpublished = {\url{http://www.etnus.com/}},
  annote = {Etnus}
}

@INPROCEEDINGS{FlautnerAutomatic2001,
  author = {Kriszti√°n Flautner and Steven Reinhardt and Trevor Mudge},
  title = {{Automatic Performance Setting for Dynamic Voltage Scaling}},
  booktitle = {Proceedings of the Seventh Annual International Conference on Mobile
	Computing and Networking (MOBICOM'01)},
  year = {2001},
  month = {July},
  category = {dvs,application},
  url = {http://doi.acm.org/10.1145/381677.381702}
}

@TECHREPORT{FlinnPower2000,
  author = {J Flinn and K. Farkas and J. Anderson},
  title = {{Power and Energy Characterization of the Itsy Pocket Computer}},
  institution = {COMPAQ Western Research Lab},
  year = {2000},
  number = {TN-56},
  month = {February},
  category = {analysis},
  url = {ftp://gatekeeper.dec.com/pub/DEC/WRL/research-reports/WRL-TN-56.pdf}
}

@ARTICLE{Flynn:1972,
  author = {M. J. Flynn},
  title = {{Some Computer Organizations and Their Effectiveness}},
  journal = { IEEE Transactions on Computing},
  year = {1972},
  volume = {C-21},
  pages = {948--960},
  annote = {classes}
}

@ARTICLE{HPFF:1993,
  author = {High Performance Fortran Forum},
  title = {{High Performance Fortran Language Specification}},
  journal = {Scientific Programming},
  year = {1993},
  volume = {2},
  pages = {1--270},
  number = {1}
}

@MISC{MPI-2:1997,
  author = {MPI Forum},
  title = {{MPI-2: Extensions to the Message-Passing Interface}},
  howpublished = {\url{http://www.mpi-forum.org/docs/mpi-20-html/mpi2-report.html}},
  year = {1997},
  annote = {MPI-2}
}

@ARTICLE{pcf:1991,
  author = {Parallel Computing Forum},
  title = {{PCF Parallel Fortran Extensions, V5.0}},
  journal = {ACM Sigplan Fortran Forum},
  year = {1991},
  volume = {10},
  pages = {1-57},
  number = {3}
}

@BOOK{Fox:1988,
  title = {{Solving Problems on Concurrent Processors }},
  publisher = { Prentice Hall},
  year = {1988},
  author = {G. Fox and M. Johnson and G. Lyzenga and S. Otto and J. Salmon and
	D. Walker},
  volume = {1},
  address = {Englewood Cliffs},
  annote = {alg2}
}

@BOOK{Francez:1986,
  title = {Fairness},
  publisher = {Springer Verlag},
  year = {1986},
  author = {N. Francez},
  address = {New York},
  annote = {fairness and termination, synchronization, guard evals}
}

@INPROCEEDINGS{Frank:1993,
  author = {S. Frank and H. Burkhardt and J. Rothnie},
  title = {{The KSR1: Bridging the Gap between Shared Memory and MPPs}},
  booktitle = {Proceedings of the COMPCON Digest of Papers},
  year = {1993},
  pages = { 285-294}
}

@PHDTHESIS{FraserPractical2003,
  author = {K. Fraser},
  title = {Practical lock-freedom},
  school = {University of Cambridge},
  year = {2003}
}

@ARTICLE{Jin:1999,
  author = {H. Jin and M. Frumkin and J. Yan},
  title = {{The OpenMP Implementation of NAS Parallel Benchmarks and Its Performance}},
  journal = {NAS Technical Report NAS-99-011},
  year = {1991},
  annote = {NPB-OMP}
}

@TECHREPORT{FrumkinEfficiency2002,
  author = {M. Frumkin},
  title = {{Efficiency and Scalability of an Explicit Operator on an IBM POWER4 System}},
  institution = {NASA Ames Research Center},
  year = {2002},
  number = {NAS-02-008},
  month = {August}
}

@BOOK{Fox:1994,
  title = {{Parallel Computing Works!}},
  publisher = {Morgan Kaufmann Publishers, Inc.},
  year = {1994},
  author = {G. C. Fox and R. D. Williams and P. C. Messina}
}

@INPROCEEDINGS{Galles:1993,
  author = {M. Galles and E. Williams E.},
  title = {{Performance Optimizations, Implementation and Verification of the
	SGI Challenge Multiprocessor}},
  booktitle = {Proceedings of the 27th Hawaii International Conference on System Sciences Vol 1: Architecture},
  year = {1993}
}

@INPROCEEDINGS{GeImprovement2005,
  author = {Rong Ge and Xizhou Feng and Kirk W. Cameron},
  title = {{Improvement of Power-Performance Efficiency for High-End Computing}},
  booktitle = {Proceedings of the 19th IEEE International Parallel and
	Distributed Processing Symposium (IPDPS'05) - Workshop 11},
  year = {2005},
  pages = {233.2},
  address = {Washington, DC},
  publisher = {IEEE Computer Society},
  doi = {http://dx.doi.org/10.1109/IPDPS.2005.251},
  isbn = {0-7695-2312-9}
}

@ARTICLE{Gonzalez:2000,
  author = {M. Gonzalez and E. Ayguade and X. Martorell and J. Labarta and N.
	Navaro and J. Oliver},
  title = {{NanosCompiler: Supporting Flexible Multilevel Parallelism in OpenMP}},
  journal = {Concurrency: Practice and Experience, Special Issue on OpenMP},
  year = {2000},
  volume = {12},
  pages = {1205-1218},
  number = {12},
  annote = {Nested-Nanos}
}

@MISC{GOTO-BLAS,
  author = {Kazushige Goto},
  title = {{The GotoBLAS Library}},
  howpublished = {\url{http://www.tacc.utexas.edu/resources/software}},
  annote = {GOTO-BLAS}
}

@INPROCEEDINGS{GovilComparing1995,
  author = {K. Govil and E. Chan and H. Wassermann},
  title = {{Comparing Algorithms for Dynamic Speed-Setting of a Low-Power CPU}},
  booktitle = {Proceedings of the First Annual International Conference on Mobile
	Computing and Networking (MOBICOM'95)},
  year = {1995},
  month = {March},
  category = {dvs},
  url = {http://doi.acm.org/10.1145/215530.215546}
}

@ARTICLE{grant00dyc,
  author = {Brian Grant and Markus Mock and Matthai Philipose and Craig Chambers
	and Susan J. Eggers},
  title = {Dy{C}: an expressive annotation-directed dynamic compiler for {C}},
  journal = {Theoretical Computer Science},
  year = {2000},
  volume = {248},
  pages = {147--199},
  number = {1--2},
  url = {citeseer.ist.psu.edu/article/grant98dyc.html}
}

@BOOK{GrayTransaction1993,
  title = {{Transaction Processing: Concepts and Techniques}},
  publisher = {Morgan Kaufmann Publishers, Inc.},
  address = {San Francisco, CA},
  year = {1993},
  author = {Jim Gray and Andreas Reuter}
}

@BOOK{Gropp:1999,
  title = {{Using MPI. Portable Parallel Programming with the Message-Passing Interface}},
  publisher = {MIT Press},
  address = {Cambridge, MA},
  year = {1999},
  author = {W. Gropp and E. Lusk and A. Skjellum},
  edition = {2nd},
  annote = {MPI1}
}

@ARTICLE{GuntherManaging2001,
  author = {S. Gunther and F. Binns and D. M. Carmean and J. C. Hall},
  title = {Managing the impact of increasing microprocessor power consumption},
  journal = {Intel Technology Journal},
  year = {2001},
  volume = {Q1},
  owner = {liao}
}

@ARTICLE{Gustafson:1988,
  author = {J.L. Gustafson},
  title = {{Reevaluating Amdahl's Law}},
  journal = {Communications of the ACM},
  year = {1988},
  volume = {31},
  pages = {532-533},
  number = {5}
}

@INCOLLECTION{HammondTransactional2004,
  author = {Hammond, Lance and Wong, Vicky and Chen, Mike and Carlstrom, Brian
	D. and Davis, John D. and Hertzberg, Ben and Prabhu, Manohar K.
	and Wijaya, Honggo and Kozyrakis, Christos and Olukotun, Kunle},
  title = {{Transactional Memory Coherence and Consistency}},
  booktitle = {Proceedings of the 31st Annual International Symposium on Computer
	Architecture},
  publisher = {IEEE Computer Society},
  year = {2004},
  pages = {102},
  month = {Jun},
  pdf = {http://tcc.stanford.edu/publications/tcc_isca2004.pdf}
}

@BOOK{Hansen:1995,
  title = {{Studies in Computational Science}},
  publisher = {Prentice-Hall},
  year = {1995},
  author = {P. Brinch Hansen},
  address = {Englewood Cliffs, NJ}
}

@INPROCEEDINGS{HarrisLanguage2003,
  author = {Tim Harris and Keir Fraser},
  title = {Language support for lightweight transactions},
  booktitle = {Proceedings of the 2003 ACM SIGPLAN Conference on Object-Oriented
	Programming Systems, Languages and Applications, OOPSLA},
  year = {2003},
  pages = {388-402},
  bibsource = {DBLP, http://dblp.uni-trier.de},
  ee = {http://doi.acm.org/10.1145/949305.949340}
}

@BOOK{Hennessy:1996,
  title = {Computer Architecture: A Quantitative Approach},
  publisher = {Morgan Kaufmann Publishers, Inc.},
  year = {1996},
  author = {J.L. Hennessy and D.A. Patterson },
  address = {San Francisco, CA},
  edition = {2nd}
}

@INPROCEEDINGS{HerlihySoftware2003,
  author = {M. Herlihy and V. Luchangco and M. Moir and W.N. Scherer},
  title = {Software Transactional Memory for Dynamic-sized Data Structures},
  booktitle = {Twenty-Second Annual ACM SIGACT-SIGOPS Symposium on Principles of
	Distributed Computing},
  year = {2003},
}

@INPROCEEDINGS{HerlihyTransactional1993,
  author = {Maurice Herlihy and J. Eliot and B. Moss},
  title = {Transactional memory: {A}rchitectural support for lock-free data structures},
  booktitle = {ISCA '93: Proceedings of the 20th Annual Intl. Symposium
	on Computer Architecture},
  year = {1993},
  pages = {289--300},
  address = {New York, NY},
  publisher = {ACM Press},
  doi = {http://doi.acm.org/10.1145/165123.165164},
  isbn = {0-8186-3810-9},
  location = {San Diego, California, United States}
}

@INPROCEEDINGS{HernandezDragon:2004,
  title = {{Dragon}: A Static and Dynamic Tool for {OpenMP}},
  year = {2004},
  address = {Houston, TX},
  publisher = {University of Houston},
  author = {Oscar Hernandez and Chunhua Liao and Barbara Chapman},
  booktitle = {Workshop on OpenMP Applications and Tools (WOMPAT '04)}
}

@INPROCEEDINGS{HernandezTool2004,
  author = {Oscar Hernandez and Chunhua Liao and Barbara Chapman},
  title = {A Tool to Display Array Access Patterns in {OpenMP} Programs},
  booktitle = {PARA'04 Workshop On State-Of-The-Art In Scientific Computing},
  year = {2004},
  publisher = {Springer}
}

@INPROCEEDINGS{HernandezPerformance2006,
  author = {O. Hernandez and F. Song and B. Chapman and J. Dongarra and B. Mohr
	and S. Moore and F. Wolf},
  title = {{Performance Instrumentation and Compiler Optimizations for MPI/OpenMP
	Applications}},
  booktitle = {Proceedings of the 2nd International Workshop on OpenMP (IWOMP)},
  year = {2006}
}

@BOOK{Hillis:1985,
  title = {The Connection Machine},
  publisher = {MIT Press},
  year = {1985},
  author = {D. Hillis},
  address = {Cambridge, MA}
}

@ARTICLE{Hoare:1974,
  author = {C.A.R. Hoare },
  title = {Monitors: An operating system structuring concept},
  journal = {Comm. ACM},
  year = {1974},
  volume = {17},
  pages = {549-557},
  number = {10},
  annote = {monitors}
}

@techreport{HoeflingerExtending2006,
  author={Jay P. Hoeflinger},
  title={{Extending OpenMP to Clusters}},
  year={2006},
  institution={Intel Corporation},
  type={White Paper}
}

@INPROCEEDINGS{Hoeflinger:2005,
  author = {J. P. Hoeflinger and B. R. de Supinski},
  title = {The OpenMP Memory Model},
  booktitle = {Proceedings of the 1st International Workshop on OpenMP (IWOMP)},
  year = {2005}
}

@ARTICLE{HPF1993,
  author = {High Performance Fortran Forum},
  title = {{High Performance Fortran Language Specification}},
  journal = {Scientific Programming},
  year = {1993},
  volume = {2},
  pages = {1 - 270 },
  number = {1},
  annote = {Lang}
}


@ARTICLE{hu00openmp,
  author = {Y. Charlie Hu and Honghui Lu and Alan L. Cox and Willy Zwaenepoel},
  title = {{OpenMP} for Networks of {SMP}s},
  journal = {Journal of Parallel and Distributed Computing},
  year = {2000},
  volume = {60},
  pages = {1512--1530},
  number = {12},
  url = {citeseer.ist.psu.edu/article/hu99openmp.html}
}

@ARTICLE{HuangTowards2005,
  author = {Lei Huang and Barbara Chapman and Zhenying Liu},
  title = {Towards a More Efficient Implementation of {OpenMP} for Clusters
	via Translation to {G}lobal {A}rrays},
  journal = {Parallel Computing },
  year = {2005},
  volume = {31},
  number = {10-12},
  page = {1114-1139}
}

@BOOK{Hwang:1993,
  title = {Advanced Computer Architecture: Parallelism, Scalability, Programmability},
  publisher = {McGraw-Hill},
  year = {1993},
  author = {K. Hwang},
  address = {New York}
}

@MISC{IntelMulti-Core2005,
  author = {Intel},
  title = {Intel Multi-Core Processor Architecture Development Backgrounder},
  howpublished = {\url{http://www.intel.com/multi-core/docs.htm}},
  year = {2005}
}

@MISC{Intel-MKL,
  author = {Intel\textregistered},
  title = {Intel\textregistered\ Math Kernel Libraries},
  howpublished = {\url{http://www.intel.com/support/performancetools/libraries/mkl}},
  annote = {Intel-MKL}
}

@MISC{ThreadChecker:2003,
  author = {Intel},
  title = {Intel\texttrademark\ Thread Checker and Thread Profiler},
  howpublished = {\url{http://www.intel.com/software/products/threading}},
  year = {2003},
  annote = {ThreadChecker}
}

@INPROCEEDINGS{JacobsonUltraSPARC2003,
  author = {Q. Jacobson},
  title = {{UltraSPARC IV} Processors},
  booktitle = {Microprocessor Forum},
  year = {2003},
  owner = {liao}
}


@ARTICLE{Jin:2004,
  author = {H. Jin and R. Van der Wijngaart},
  title = {{Performance Characteristics of the multi-zone NAS Parallel Benchmarks}},
  journal = {Proceedings of the International Parallel and Distributed Processing
	Symposium (IPDPS)},
  year = {2004},
  annote = {NPB-MZ-Perf}
}

@ARTICLE{JinNests2003,
  author = {H. Jin and G. Jost and J. Yan and E. Ayguade and M. Gonzalez and X. Martorell},
  title = {{Automatic Multilevel Parallelization using OpenMP}},
  journal = {Scientific Programming},
  year = {2003},
  volume = {11},
  pages = {177--190},
  number = {2},
  annote = {Lang}
}

@INPROCEEDINGS{JohnsonParaWise2004,
  author = {S. P. Johnson and Emyr Evans and Haoqiang Jin and Cos S. Ierotheou},
  title = {{The ParaWise Expert Assistant -- Widening Accessibility to Efficient
	and Scalable Tool Generated OpenMP Code}},
  booktitle = {WOMPAT '04},
  year = {2004},
  pages = {67--82},
  bibsource = {DBLP, http://dblp.uni-trier.de},
  ee = {http://springerlink.metapress.com/openurl.asp?genre=article{\&}issn=0302-9743{\&}volume=3349{\&}spage=67}
}

@INCOLLECTION{Jordan:1985,
  author = {H.F. Jordan},
  title = {HEP Architecture, Programming and Performance},
  booktitle = {Parallel MIMD Computation: The HEP Supercomputer and its Applications},
  publisher = {MIT Press},
  year = {1985},
  editor = {J.S. Kowalik},
  annote = {HEP}
}

@INPROCEEDINGS{Jordan:1978,
  author = {H.F. Jordan},
  title = {A special purpose architecture for finite element analysis},
  booktitle = {Proceedings of the 1978 Int. Conf. on Parllel Processing},
  year = {1978},
  pages = {263-266},
  annote = {introduced barriers}
}

@ARTICLE{Jost:2003,
  author = {Gabriele Jost and Haoqiang Jin and Dieter an Mey and Ferhat Hatay},
  title = {{Comparing the OpenMP, MPI, and Hybrid Programming Paradigm on an SMP Cluster}},
  journal = {Proceedings of the 5th European Workshop on OpenMP},
  year = {2003},
  annote = {hybrid}
}

@INPROCEEDINGS{Jouppi:1989,
  author = {N.P. Jouppi and D. Wall},
  title = {Available Instruction-Level Parallelism for Superscalar and Superpipelined
	Machines},
  booktitle = {Proceedings of ASPLOS III},
  year = {1989},
  pages = {272-282},
  annote = {limit1}
}

@ARTICLE{KallaIBM2004,
  author = {R. Kalla and B. Sinharoy and J. Tendler},
  title = {{IBM POWER5} chip: a dualcore multithreaded processor},
  journal = {IEEE Micro},
  year = {2004},
  volume = {24},
  pages = {40--47},
  number = {2}
}

@ARTICLE{KaoManaging2002,
  author = {Shi-Jung Kao},
  title = {Managing C++ OpenMP Code and Its Exception Handling.},
  year = {2002},
  pages = {227-243},
  bibsource = {DBLP, http://dblp.uni-trier.de},
  booktitle = {WOMPAT '02},
  ee = {http://link.springer.de/link/service/series/0558/bibs/2716/27160227.htm}
}


@INPROCEEDINGS{KaoManaging2003,
  author={Shi-Jung Kao },
  title={{Managing C++ OpenMP Code and Its Exception Handling}},
  booktitle={OpenMP Shared Memory Parallel Programming: International Workshop
    on OpenMP Applications and Tools (WOMPAT '03)},
  year={2003},
  pages={227--243},
  publisher={Springer-Verlag Heidelberg},
  issn={0302-9743},
  location={Toronto, Canada}
}


@INPROCEEDINGS{KappiahJust2005,
  author = {Nandini Kappiah and Vincent W. Freeh and David K. Lowenthal},
  title = {Just In Time Dynamic Voltage Scaling: Exploiting Inter-Node Slack
	to Save Energy in MPI Programs},
  booktitle = {SC '05: Proceedings of the 2005 ACM/IEEE conference on Supercomputing},
  year = {2005},
  pages = {33},
  address = {Washington, DC},
  publisher = {IEEE Computer Society},
  doi = {http://dx.doi.org/10.1109/SC.2005.39},
  isbn = {1-59593-061-2}
}

@ARTICLE{KeeParADE:November15-212003,
  author = {Kee, Y.-S. and Kim, J.-S. and Ha, S.},
  title = {{ParADE}: An {OpenMP} Programming Environment for {SMP} Cluster Systems},
  year = {November 15--21, 2003},
  address = {Phoenix, Arizona},
  booktitle = {Proceedings of the ACM/IEEE Supercomputing 2003(SC2003) Conference}
}

@TECHREPORT{KeppelTools1993,
  author = {Keppel, David},
  title = {{T}ools and {T}echniques for {B}uilding {F}ast {P}ortable {T}hreads
	{P}ackages},
  institution = {Department of CS\&E, University of Washington},
  year = {1993},
  number = {93-05-06},
  address = {Seattle, WA},
  month = {May}
}

@INPROCEEDINGS{KimPhysical2004,
  author = {Dongkeun Kim and Steve Shih-wei Liao and Perry H. Wang and Juan del
	Cuvillo and Xinmin Tian and Xiang Zou and Hong Wang and Donald Yeung
	and Milind Girkar and John P. Shen},
  title = {Physical Experimentation with Prefetching Helper Threads on {Intel's}
	Hyper-Threaded Processors},
  booktitle = {International Symposium on Code Generation and Optimization(CGO)},
  year = {2004},
  address = {San Jose, CA},
  month = {March}
}

@INPROCEEDINGS{KlemmProposal2006,
  author = {Michael Klemm and Ronald Veldema and Matthias Bezold and Michael
	Philippsen1},
  title = {{A Proposal for OpenMP for Java}},
  booktitle = {Proceedings of the 2nd International Workshop on OpenMP (IWOMP)},
  year = {2006},
  owner = {liao},
  timestamp = {2006.11.03}
}

@BOOK{Koelbel:1993,
  title = {{The High Performance Fortran Handbook}},
  publisher = {MIT Press},
  year = {1993},
  author = {C. H. Koelbel and D. B. Loveman and R. S. Schreiber and Guy L. Steele Jr. and M. E. Zosel},
  address = {Cambridge, MA}
}

@ARTICLE{KongetiraNiagara:2005,
  author = {Poonacha Kongetira and Kathirgamar Aingaran and Kunle Olukotun},
  title = {{Niagara}: {A} 32-Way Multithreaded {Sparc} Processor},
  journal = {IEEE-MICRO},
  year = {2005},
  volume = {25},
  pages = {21--29},
  number = {2},
  month = {March/April},
  acknowledgement = {#ack-nhfb#},
  bibdate = {Wed Apr 20 08:11:29 MDT 2005},
  bibsource = {http://csdl.computer.org/comp/mags/mi/2005/02/m2toc.htm},
  coden = {IEMIDZ},
  issn = {0272-1732},
  url = {http://csdl.computer.org/comp/mags/mi/2005/02/m2021abs.htm; http://csdl.computer.org/dl/mags/mi/2005/02/m2021.pdf}
}

@ARTICLE{KrewellSun2003,
  author = {Kevin Krewell},
  title = {Sun Weaves Multithreaded Future},
  journal = {Microprocessor Watch},
  year = {2003},
  volume = {107},
  owner = {leo},
  timestamp = {2006.10.30}
}

@BOOK{Kumar:1994,
  title = {Introduction to Parallel Computing: Design and Analysis of Algorithms},
  publisher = {Benjamin/Cummings Publishing Company},
  year = {1994},
  author = {V. Kumar and A: Grama and A. Gupta and G. Karypis},
  annote = {alg1}
}

@MISC{POP2:2004,
  author = {Los Alamos National Laboratory},
  title = {{The Parallel Ocean Program (POP)}},
  howpublished = {\url{http://climate.lanl.gov/Models/POP/}},
  year = {2004},
  annote = {POP2}
}

@ARTICLE{Lamport:1997,
  author = {L. Lamport},
  title = {Proving the correctness of multiprocess programs},
  journal = {IEEE Trans. on Software Engineering},
  year = {1997},
  volume = {SE-3},
  pages = {125-143},
  number = {2},
  annote = {saftey and liveness}
}

@ARTICLE{LamportHow1997,
  author = {Leslie Lamport},
  title = {How to Make a Correct Multiprocess Program Execute Correctly on a
	Multiprocessor},
  journal = {IEEE Trans. Comput.},
  year = {1997},
  volume = {46},
  pages = {779--782},
  number = {7},
  address = {Washington, DC},
  doi = {http://dx.doi.org/10.1109/12.599898},
  issn = {0018-9340},
  publisher = {IEEE Computer Society}
}

@ARTICLE{Lamport:1979,
  author = {L. Lamport},
  title = {\emph{How to Make a Multiprocessor Computer That Correctly Executes Multiprocess Programs}},
  journal = {IEEE Trans. on Software Engineering},
  year = {1979},
  volume = {C-28},
  pages = {690-691},
  number = {9},
  annote = {sequential consistency}
}

@ARTICLE{Lamportparallel1974,
  author = {Leslie Lamport},
  title = {The parallel execution of DO loops},
  journal = {Commun. ACM},
  year = {1974},
  volume = {17},
  pages = {83--93},
  number = {2},
  address = {New York, NY},
  doi = {http://doi.acm.org/10.1145/360827.360844},
  issn = {0001-0782},
  publisher = {ACM Press}
}

@INPROCEEDINGS{Laudon:1997,
  author = {J.P. Laudon and D. Lenoski},
  title = {The {SGI} {Origin}: A {ccNUMA} Highly Scalable Server},
  booktitle = {Proceedings of the 24th Int. Symposium on Computer Architecture},
  year = {1997},
  annote = {SGI Origin}
}

@BOOK{Lea:1997,
  title = {Concurrent Programming in Java: Design Principles and Patterns},
  publisher = {Addison-Wesley},
  year = {1997},
  author = {D.L. Lea},
  address = {Reading MA},
  annote = {Java}
}

@TECHREPORT{LeeProblem2006,
  author = {Edward A. Lee},
  title = {The Problem with Threads},
  institution = {EECS Department, University of California, Berkeley},
  year = {2006},
  number = {UCB/EECS-2006-1},
  month = {January 10},
  url = {http://www.eecs.berkeley.edu/Pubs/TechRpts/2006/EECS-2006-1.html}
}

@INPROCEEDINGS{LeePerformance2004,
  author = {M. Lee and B. Whitney and N. Copty},
  title = {{Performance and Scalability of OpenMP Programs on the Sun
           Fire\texttrademark\ E25K Throughput Computing Server}},
  booktitle = {WOMPAT '04},
  year = {2004},
  pages = {19--28},
  address = {Houston, TX}
}

@BOOK{Lewis:1998,
  title = {Multithreaded Programming with Pthreads},
  publisher = {Sun Microsystems Press},
  year = {1998},
  author = {B. Lewis and D. Berg},
  address = {Mountain View, CA}
}

@INPROCEEDINGS{LiDynamic2006,
  author = {J. Li and J. F. Martinez},
  title = {Dynamic power-performance adaptation of parallel computation on chip
	multiprocessors},
  booktitle = {Intl. Symp. on High-Performance Computer Architecture},
  year = {2006},
  month = {Feb.},
  location = {Austin, TX}
}

@INPROCEEDINGS{LiThrifty2004,
  author = {Jian Li and Jose F. Martinez and Michael C. Huang},
  title = {{The Thrifty Barrier: Energy-Aware Synchronization in Shared-Memory
	Multiprocessors}},
  booktitle = {HPCA '04: Proceedings of the 10th International Symposium on High
	Performance Computer Architecture},
  year = {2004},
  pages = {14},
  address = {Washington, DC},
  publisher = {IEEE Computer Society},
  doi = {http://dx.doi.org/10.1109/HPCA.2004.10018},
  isbn = {0-7695-2053-7}
}

@INPROCEEDINGS{LiPower-performance2005,
  author = {J. Li and J. F. Mart√≠nez},
  title = {Power-performance implications of thread-level parallelism in chip
	multiprocessors},
  booktitle = {Intl. Symp. on Performance Analysis of Systems and Software(ISPASS)},
  year = {2005},
  owner = {liao}
}

@TECHREPORT{LiaoOpenMP,
  author = {Chunhua Liao},
  title = {{OpenMP} Implementation in Open{UH}},
  year = {2006},
  booktitle = {Technical Report, Department of Computer Science, University of Houston}
}

@INPROCEEDINGS{LiaoOpenUH2006,
  author = {Chunhua Liao and Oscar Hernandez and Barbara Chapman and Wenguang
	Chen and Weimin Zheng},
  title = {Open{UH}: An Optimizing, Portable {OpenMP} Compiler},
  booktitle = {12th Workshop on Compilers for Parallel Computers},
  year = {2006}
}

@INPROCEEDINGS{LiaoEvaluating2005,
  author = {Chunhua Liao and Zhenying Liu and Lei Huang and Barbara Chapman},
  title = {Evaluating {OpenMP} on Chip MultiThreading Platforms},
  booktitle = {Proceedings of the 1st International Workshop on OpenMP (IWOMP)},
  year = {2005},
  address = {Eugene, OR},
  month = {June}
}

@INCOLLECTION{Lincoln:1986,
  author = {N.R. Lincoln},
  title = {Technology and design tradeoffs in the creation of a modern supercomputer},
  booktitle = {Supercomputers. Class VI Systems: Hardware and Software},
  publisher = {North-Holland},
  year = {1986},
  pages = {83-111},
  address = {Amsterdam},
  annote = {Cyber-205}
}

@INPROCEEDINGS{LiuExploiting2005,
  author = {Chun Liu and Anand Sivasubramaniam and Mahmut Kandemir and Mary Jane
	Irwin},
  title = {{Exploiting Barriers to Optimize Power Consumption of CMPs}},
  booktitle = {IPDPS '05: Proceedings of the 19th IEEE International Parallel and
	Distributed Processing Symposium (IPDPS'05) - Papers},
  year = {2005},
  pages = {5.1},
  address = {Washington, DC},
  publisher = {IEEE Computer Society},
  doi = {http://dx.doi.org/10.1109/IPDPS.2005.211},
  isbn = {0-7695-2312-9}
}

@INPROCEEDINGS{LiuAnalyses2003,
  author = {Zhenying Liu and Barbara Chapman and Yi Wen and Lei Huang and Oscar
	Hernandez},
  title = {Analyses for the Translation of {O}pen{MP} Codes into {SPMD} Style
	with Array Privatization},
  booktitle = {OpenMP Shared Memory Parallel Programming: International Workshop
	on OpenMP Applications and Tools, WOMPAT '03, June 26-27, 2003.
	Proceedings},
  year = {2003},
  volume = {2716},
  series = {Lecture Notes in Computer Science},
  pages = {26--41},
  month = {June},
  publisher = {Springer-Verlag, Heidelberg},
  bibsource = {DBLP, http://dblp.uni-trier.de},
  date = {January},
  isbn = {3-540-40435-X},
  issn = {0302-9743},
  location = {Toronto, Canada}
}

@INPROCEEDINGS{LiuImproving2003,
  author = {Zhenying Liu and Barbara Chapman and Tien-Hsiung Weng and Oscar Hernandez},
  title = {Improving the performance of {O}pen{MP} by Array Privatization},
  booktitle = {OpenMP Shared Memory Parallel Programming: International Workshop
	on OpenMP Applications and Tools (WOMPAT '03)},
  year = {2003},
  pages = {244--259},
  publisher = {Springer-Verlag Heidelberg},
  date = {June 26-27},
  issn = {0302-9743},
  location = {Toronto, Canada}
}

@ARTICLE{MarowkaOpenMP-Oriented2004,
  author = { Ami Marowka and Zhenying Liu and Barbara Chapman },
  title = { {OpenMP-Oriented} Applications for Distributed Shared Memory Architectures},
  journal = {Concurrency and Computation: Practice and Experience},
  year = {2004},
  volume = {16},
  pages = {371--384},
  number = {4},
  month = {April}
}

@TECHREPORT{MartorellNano-Threads1995,
  author = {X. Martorell and J. Labarta and N. Navarro and E. Ayguade},
  title = {Nano-Threads Library Design, Implementation and Evaluation},
  institution = {Universitat Politecnica de Catalunya},
  year = {1995},
  number = {UPC-DAC-1995-33},
  owner = {liao},
  timestamp = {2006.11.07}
}

@inproceedings{martorell96library,
    author = {Xavier Martorell and Jesus Labarta and Nacho Navarro and Eduard Ayguade},
    title = {{A Library Implementation of the Nano-Threads Programming Model}},
    booktitle = {Euro-Par, Vol. {II}},
    pages = {644-649},
    year = {1996},
    url = {citeseer.ist.psu.edu/martorell96library.html}
 }

@INPROCEEDINGS{MatsubaOpenMPSeptember2003,
  author = {Matsuba, H. and Ishikawa, Y.},
  title = {{OpenMP on the FDSM Software Distributed Shared Memory}},
  booktitle = {Fifth European Workshop on OpenMP, EWOMP'03},
  year = {September, 2003},
  address = {Aachen, Germany},
  page = {71-78}
}

@INPROCEEDINGS{MatthewsAutomatic2003,
  author = {G. Matthews and R. Hood and H. Jin and S. P. Johnson and C. S. Ierotheou},
  booktitle = {European Workshop of {OpenMP} (EWOMP'03)},
  title = {Automatic relative debugging of {OpenMP} programs},
  year = {2003}
}

@BOOK{Mattson:2004,
  title = {{Patterns for Parallel Programming}},
  publisher = {Addison-Wesley Professional},
  year = {2004},
  author = {Timothy G. Mattson and Berverly A. Sanders and Berna Massingill}
}

@ARTICLE{McNairyMontecito:2005,
  author = {Cameron McNairy and Rohit Bhatia},
  title = {{Montecito: A Dual-Core, Dual-Thread Itanium Processor}},
  journal = {IEEE Micro},
  year = {2005},
  volume = {25},
  pages = {10--20},
  number = {2},
  address = {Los Alamitos, CA},
  doi = {http://dx.doi.org/10.1109/MM.2005.34},
  issn = {0272-1732},
  publisher = {IEEE Computer Society Press}
}

@INPROCEEDINGS{MerlinDistributedSeptember2000,
  author = {Merlin, J.},
  title = {{Distributed {OpenMP}: Extensions to {OpenMP} for {SMP} Clusters}},
  booktitle = {2nd European Workshop on OpenMP (EWOMP'00)},
  year = {September, 2000},
  address = {Edinburgh, UK}
}

@MISC{Analyzer:2005,
  author = {Sun Microsystems},
  title = {{Sun Studio 11 Performance Analyzer}},
  howpublished = {\url{http://docs.sun.com/app/docs/doc/819-3687}},
  annote = {Analyzer-info}
}

@MISC{SunTHA:2007,
  author = {Sun Microsystems},
  title = {{Sun Studio Thread Analyzer}},
  howpublished = {\url{http://developers.sun.com/sunstudio/}},
  annote = {ThreadAnalyzer-info}
}

@MISC{Sun-PerfLib,
  author = {Sun Microsystems},
  title = {{Sun Studio Performance Library}},
  howpublished = {\url{http://developers.sun.com/prodtech/cc}},
  annote = {SunPerfLib}
}

@MISC{Sun-Compilers,
  author = {Sun Microsystems},
  title = {{Sun Studio Compilers and Tools}},
  howpublished = {\url{http://developers.sun.com/sunstudio}},
  annote = {SunCompilers}
}

@MISC{US-III:2004,
  author = {Sun Microsystems},
  title = {{UltraSPARC\textregistered\ III Cu User's Manual}},
  howpublished = {\url{http://www.sun.com/processors/manuals/USIIIv2.pdf}},
  annote = {UltraSPARC-III-info}
}

@MISC{US-IV:2004,
  author = {Sun Microsystems},
  title = {{UltraSPARC\textregistered\ IV Processor User's Manual Supplement}},
  howpublished = {\url{http://www.sun.com/processors/manuals/USIV_v1.0.pdf}},
  annote = {UltraSPARC-IV-info}
}

@ARTICLE{MinOptimizing03,
  author = {Seung-Jai Min and Ayon Basumallik and Rudolf Eigenmann},
  title = {{Optimizing {OpenMP} programs on software distributed shared memory
	systems}},
  journal = {International Journal of Parallel Programming},
  volume = {31},
  pages = {225--249},
  number = {3},
  address = {Norwell, MA},
  doi = {http://dx.doi.org/10.1023/A:1023090719310},
  issn = {0885-7458},
  publisher = {Kluwer Academic Publishers}
}

@INPROCEEDINGS{MinPortable2001,
  author = {Seung Jai Min and Seon Wook Kim and Michael Voss and Sang Ik Lee
	and Rudolf Eigenmann},
  title = {Portable Compilers for {OpenMP}},
  booktitle = {WOMPAT '01: Proceedings of the International Workshop on OpenMP Applications
	and Tools},
  year = {2001},
  pages = {11--19},
  publisher = {Springer-Verlag},
  isbn = {3-540-42346-X}
}

@INCOLLECTION{Miura:1984,
  author = {K. Miura and K. Uchida},
  title = {{FACOM vector processor VP-100/VP-200}},
  booktitle = {High-Speed Computation},
  publisher = {Springer},
  year = {1984},
  editor = {J.S. Kowalik},
  volume = {7},
  series = { NATO ASI Series F: Computer and System Sciences},
  pages = {127-138},
  address = {Berlin},
  annote = {Fujitsu Facom}
}

@INPROCEEDINGS{MohrKOJAK2003,
  author = {Mohr, B. and Wolf, F},
  title = {{KOJAK - A Tool Set for Automatic Performance Analysis of Parallel Applications}},
  booktitle = {Proceedings of the European Conference on Parallel Computing ({EuroPar})},
  year = {2003},
  pages = {1301-1304}
}

@ARTICLE{MPIforum:1994,
  author = {{MPI Forum}},
  title = { {MPI: A Message Passing Interface}},
  journal = {Int. Journal of Supercomputing Applications},
  year = {1994},
  volume = {8},
  number = {3/4},
  annote = {MPI2}
}

@BOOK{MuchnickAdvanced1997,
  title = {Advanced compiler design and implementation},
  publisher = {Morgan Kaufmann Publishers, Inc.},
  year = {1997},
  author = {Steven S. Muchnick},
  address = {San Francisco, CA},
  isbn = {1-55860-320-4}
}

@MISC{NAG-SMPlib,
  author = {NAG},
  title = {NAG SMP Library},
  howpublished = {\url{http://www.nag.com}},
  annote = {NAG-SMPlib}
}

@ARTICLE{nakajima03,
  author = {Kengo Nakajima},
  title = {{Three-Level Hybrid vs. Flat MPI on the Earth Simulator: Parallel
	Iterative Solvers for Finite-Element Method}},
  journal = {RIST/Tokyo GeoFEM Report 2002-007},
  year = {2003},
}

@INPROCEEDINGS{Nickolls:1990,
  author = {J.R. Nickolls},
  title = {{The Design of the MasPar MP-1: A Cost-Effective massively parallel computer}},
  booktitle = {Proceedings COMPCON Digest of Paper},
  year = {1990},
  pages = {25-28}
}

@ARTICLE{Nieplocha:1996,
  author = {J. Nieplocha and R.J. Harrison and R.J. Littlefield},
  title = {Global Arrays: A non-uniform memory access programming model for
	high-performance computers},
  journal = {The Journal of Supercomputing},
  year = {1996},
  pages = {197-220},
  number = {10},
  annote = {GA}
}

@INPROCEEDINGS{NikolopoulosIs2000,
  author = {Dimitrios S. Nikolopoulos and Theodore S. Papatheodorou and Constantine
	D. Polychronopoulos and Jesus Labarta and Eduard Ayguad\'{e}},
  title = {Is Data Distribution Necessary in {O}pen{MP}?},
  booktitle = {Proceedings of Supercomputing '00},
  year = {2000},
  publisher = {IEEE Computer Society},
  isbn = {0-7803-9802-5},
  location = {Dallas, Texas}
}

@ARTICLE{Nikoschedreuse2003,
  author = {D. Nikolopoulos and E. Artiaga and E. Ayguade and J. Labarta},
  title = {Scaling Non-Regular Shared-Memory Codes by Reusing Custom Loop Schedules},
  journal = {Scientific Programming},
  year = {2003},
  volume = {11},
  pages = {143--158 },
  number = {2},
  annote = {Lang}
}


@MISC{IMSL-PerfLib,
  author = {Visual Numerics},
  title = {IMSL\texttrademark\ Numerical Libraries Family of Products},
  howpublished = {\url{http://www.imsl.com/products/imsl}},
  annote = {IMSL-PerfLib}
}

@MISC{OMPweb,
  title = {{OpenMP} website},
  howpublished = {\url{http://www.openmp.org}},
  annote = {openmp-web-site},
  key = {OpenMP}
}

@INPROCEEDINGS{OlukotunCase1996,
  author = {K. Olukotun},
  title = {{The Case for a Single-Chip Multiprocessor}},
  booktitle = {Intl. Conf. on Architectural Support for Programming Languages and
	Operating Systems},
  year = {1996},
  pages = {2--11}
}

@ARTICLE{Owicki:1976,
  author = {S.S. Owicki and D. Gries },
  title = {Verifying properties of parallel programs. An axiomatic approach.},
  journal = {Comm. ACM },
  year = {1976},
  volume = {9},
  pages = {279-285},
  number = {5},
  annote = {Safety properties - partial correctness, mutual exclusion, absence
	of deadlock}
}

@BOOK{Pacheco:1996,
  title = { Parallel Programming with {MPI}},
  publisher = {Morgan Kaufmann Publishers, Inc.},
  year = {1996},
  author = {P. Pacheco},
  address = {San Francisco, CA},
  annote = {MPI3}
}

@INPROCEEDINGS{PaiEvaluation1996,
  author = {Vijay S. Pai and Parthasarathy Ranganathan and Sarita V. Adve and
	Tracy Harton},
  title = {An evaluation of memory consistency models for shared-memory systems
	with ILP processors},
  booktitle = {ASPLOS-VII: Proceedings of the seventh international conference on
	Architectural support for programming languages and operating systems},
  year = {1996},
  pages = {12--23},
  address = {New York, NY},
  publisher = {ACM Press},
  doi = {http://doi.acm.org/10.1145/237090.237142},
  isbn = {0-89791-767-7},
  location = {Cambridge, MA, United States}
}

@MISC{Paraver:2000,
  author = {European Center for Parallelism of Barcelona},
  title = {{The Paraver Performance Analysis System}},
  howpublished = {\url{http://www.cepba.upc.edu/paraver/}},
  annote = {Paraver-info}
}

@INPROCEEDINGS{PeringSimulation1998,
  author = {T. Pering and R. Broderson},
  title = {The Simulation and Evaluation of Dynamic Voltage Scaling Algorithms},
  booktitle = {Proceedings of the International Symposium on Low-Power Electronics
	and Design (ISLPED'98)},
  year = {1998},
  month = {June},
  category = {dvs},
  url = {http://dev.acm.org/pubs/articles/proceedings/dac/280756/p76-pering/p76-pering.pdf}
}

@ARTICLE{Petersen:2003,
  author = {P. Petersen and S. Shah},
  title = {{OpenMP Support in the Intel Thread Checker}},
  journal = {Proceedings of WOMPAT '03 (Workshop on OpenMP Programming, Applications
	and Tools) 2003, Springer Lecture Notes in Computer Science},
  year = {2003},
  volume = {2716},
  pages = {1 - 12 },
  annote = {ThreadTools}
}

@INCOLLECTION{Pfister:1987,
  author = {G.F. Pfister and W.C. Brantley and D.A. George and S.L. Harvey and
	W.J. Klienfelder and K.P. McAuliffe and E.A. Melton and V.A. Norton
	and J. Weiss},
  title = {{An introduction to the IBM research parallel processor prototype (RP3)}},
  booktitle = {Experimental Parallel Computing Architectures},
  publisher = {North-Holland},
  year = {1987},
  volume = {1},
  pages = {123-140},
  address = {Amsterdam},
  annote = {RP3}
}

@ARTICLE{PrabhakarPerformance2002,
  author = {Prabhakar, A. and Getov, V. and Chapman, B.},
  title = {Performance Comparisons of Basic {OpenMP} Constructs},
  journal = {Lecture Notes in Computer Science},
  year = {2002},
  volume = {2327},
  pages = {413-424}
}

@MISC{GNU:2004,
  author = {The GNU Project},
  title = {{GDB: The GNU Project Debugger version 6.4}},
  howpublished = {\url{http://www.gnu.org/software/gdb/}},
  year = {2004},
  annote = {gdb}
}

@BOOK{Quinn:1994,
  title = {Parallel Computing: Theory and Practice},
  publisher = {McGraw-Hill},
  year = {1994},
  author = {M.J. Quinn},
  address = { New York, NY}
}

@INPROCEEDINGS{RajwarTransactional2002,
  author = {Rajwar, Ravi and Goodman, James R.},
  title = {Transactional Lock-Free Execution of Lock-Based Programs},
  booktitle = {Proceedings of the Tenth Symposium on Architectural Support for Programming
	Languages and Operating Systems},
  year = {2002},
  pages = {5--17},
  month = {Oct},
  urlpage = {http://doi.acm.org/10.1145/605397.605399}
}

@INPROCEEDINGS{RenauTasking2005,
  author = {Jose Renau and James Tuck and Wei Liu and Luis Ceze and Karin Strauss
	and Josep Torrellas},
  title = {Tasking with out-of-order spawn in TLS chip multiprocessors: microarchitecture
	and compilation},
  booktitle = {ICS '05: Proceedings of the 19th annual international conference
	on Supercomputing},
  year = {2005},
  pages = {179--188},
  address = {New York, NY},
  publisher = {ACM Press},
  doi = {http://doi.acm.org/10.1145/1088149.1088173},
  isbn = {1-59593-167-8},
  location = {Cambridge, MA}
}

@TECHREPORT{RusCompiler2006,
  author = {Silvius Rus and Lawrence Rauchwerger},
  title = {Compiler Technology for Migrating Sequential Code to Multi-threaded
	Architectures},
  institution = {Texas A \& M University},
  year = {2006},
  address = {College Station, TX},
  publisher = {Texas A \& M University}
}

@ARTICLE{Russell:1978,
  author = {R.M. Russell},
  title = {The {CRAY-1} computer system},
  journal = {Comm. ACM.},
  year = {1978},
  volume = {21},
  pages = {63-72},
  annote = {Cray-1}
}

@ARTICLE{SatoCluster2001,
  author = {Sato, M. and Harada, H. and Hasegawa, A. and Ishikawa, Y.},
  title = {Cluster-Enabled {OpenMP}: An {OpenMP} Compiler for the {SCASH} Software
	Distributed Shared Memory System},
  journal = {Scientific Programming, Special Issue: OpenMP},
  year = {2001},
  volume = {9},
  pages = {123-130},
  number = {2,3}
}

@INPROCEEDINGS{SatoDesign1999,
  author = {Mitsuhisa Sato and Shigehisa Satoh and Kazuhiro Kusano and Yoshio
	Tanaka},
  title = {Design of {OpenMP} Compiler for an {SMP} cluster},
  booktitle = {the 1st European Workshop on OpenMP(EWOMP'99)},
  year = {1999},
  pages = {32-39},
  month = Sep,
  city = {Lund}
}

@ARTICLE{SatohCompiler2001,
  author = {Satoh, S. and Kusano, K. and Sato, M.},
  title = {Compiler Optimization Techniques for {OpenMP} Programs},
  journal = {Scientific Programming, Special Issue: OpenMP},
  year = {2001},
  volume = {9},
  pages = {131-142},
  number = {2,3}
}

@techreport{sgi,
  author={Silicon Graphics},
  title={{MIPSPro 7 Fortran 90 Commands and Directives Reference Manual} 007-3696-03},
  year={2002},
  institution={Silicon Graphics Inc.},
  type={Reference Manual}
}


@MISC{SGIDocLinux:2005,
  author = {SGI},
  title = {{Message Passing Toolkit (MPT) User's Guide (Linux)}},
  howpublished = {\url{http://http://techpubs.sgi.com}},
  year = {2005},
  number = {007-3773-003}
}

@MISC{SGIDocIRIX:2003,
  author = {SGI},
  title = {{Message Passing Toolkit (MPT) User's Guide (IRIX)}},
  howpublished = {\url{http://http://techpubs.sgi.com}},
  year = {2003},
  number = {007-3687-010}
}

@MISC{SGIDocMPISpro:2003,
  author = {SGI},
  title = {MIPSpro\texttrademark C/C++ Pragmas},
  howpublished = {\url{http://http://techpubs.sgi.com}},
  year = {2003},
  number = {007-3587-005}
}

@article{ShahFlexible2000,
  author = {Sanjiv Shah and Grant Haab and Paul Petersen and Joe Throop},
  title = {{Flexible control structures for parallelism in OpenMP}},
  journal = {Concurrency: Practice and Experience},
  year = {2000},
  volume = {12},
  pages = {1219-1239},
  month = {October},
  number = {12}
}

@INPROCEEDINGS{ShavitSoftware1995,
  author = {Shavit, Nir and Touitou, Dan},
  title = {Software Transactional Memory},
  booktitle = {Proceedings of the 14th ACM Symposium on Principles of Distributed
	Computing},
  year = {1995},
  pages = {204--213},
  month = {Aug},
  urlpage = {http://doi.acm.org/10.1145/224964.224987}
}

@MISC{DDT,
  author = {Allinea Software},
  title = {{Distributed Debugging Tool (DDT)}},
  howpublished = {\url{http://www.allinea.com/}},
  url = {http://www.allinea.com/}
}

@MISC{Assure:2001,
  author = {KAI Software},
  title = {{KAP/Pro\texttrademark\ Toolset Reference Manual Version 4.0}},
  howpublished = {\url{http://developer.intel.com/software/products/kappro}},
  year = {2001},
  annote = {Assure}
}

@MISC{Sutter:2005,
  author = {Herb Sutter},
  title = {{A Fundamental Turn toward Concurrency in Software}},
  howpublished = {\url{http://www.ddj.com/dept/architect/184405990}},
  month = {February},
  year = {2005},
  owner = {ruud},
  timestamp = {2007.02.16}
}


@INPROCEEDINGS{SpracklenChip2005,
  author = {Lawrence Spracklen and Santosh G. Abraham},
  title = {Chip Multithreading: Opportunities and Challenges},
  booktitle = {11th International Conference on High-Performance Computer Architecture},
  year = {2005},
  pages = {248-252},
  bibsource = {DBLP, http://dblp.uni-trier.de},
  ee = {http://doi.ieeecomputersociety.org/10.1109/HPCA.2005.10}
}

@BOOK{Sterling:1999,
  title = {How to Build a Beowulf},
  publisher = {MIT Press},
  address= {Cambridge, MA},
  year = {1999},
  author = {T. L. Sterling and J. Salmon and D. J. Becker and D. F. Savarese},
  annote = {cluster}
}

@INPROCEEDINGS{SuCompiler2002,
  author = {Ernesto Su and Xinmin Tian and Milind Girkar and Grant Haab and Sanjiv
	Shah and Paul Petersen},
  title = {Compiler Support of the Workqueuing Execution Model for {I}ntel {SMP}
	Architectures},
  booktitle = {The Fourth European Workshop on OpenMP},
  year = {2002}
}

@MISC{SupinskiSphinx2001,
  author = {Bronis R. de Supinski},
  title = {{The Sphinx Parallel Microbenchmark Suite}},
  howpublished = {\url{http://www.llnl.gov/CASC/sphinx/sphinx.html}},
  year = {2001}
}

@ARTICLE{TendlerPOWER42002,
  author = {Joel M. Tendler and J. Steve Dodson and J. S. Fields Jr. and Hung
	Le and Balaram Sinharoy},
  title = {{POWER4} system microarchitecture},
  journal = {IBM Journal of Research and Development},
  year = {2002},
  volume = {46},
  pages = {5-26},
  number = {1},
  bibsource = {DBLP, http://dblp.uni-trier.de},
  ee = {http://dx.doi.org/10.1147/rd.461.0005}
}

@ARTICLE{TianIntel2002,
  author = {Xinmin Tian and Aart Bik and Milind Girkar and Paul Grey and Hideki
	Saito and Ernesto Su},
  title = {{Intel OpenMP C++/Fortran Compiler for Hyper-Threading Technology:
	Implementation and Performance}},
  journal = {Intel Technology Journal},
  year = {2002},
  volume = {6},
  pages = {36-46},
  number = {1}
}

@ARTICLE{Tian:2003,
  author = {Xinmin Tian and Yen-Kuang Chen and Milind Girkar and Steven Ge and
	Rainer Lienhart and Sanjiv Shah},
  title = {{Exploring the Use of Hyper-Threading Technology for Multimedia Applications
	with the Intel OpenMP Compiler}},
  journal = {Proceedings of the International Parallel and Distributed Processing
	Symposium (IPDPS)},
  year = {2003},
  annote = {multimedia}
}

@INPROCEEDINGS{TullsenSimultaneous1995,
  author = {Dean M. Tullsen and Susan Eggers and Henry M. Levy},
  title = {{Simultaneous Multithreading: Maximizing On-Chip Parallelism}},
  booktitle = {Proceedings of the 22th Annual International Symposium on Computer
	Architecture},
  year = {1995},
  pages = {392--403}
}

@INPROCEEDINGS{WeiserScheduling1994,
  author = {M. Weiser and B. Welch and A. Demers and S. Shenker},
  title = {Scheduling for Reduced CPU Energy},
  booktitle = {Proceedings of the First Symposium on Operating System Design and
	Implementation (OSDI'94)},
  year = {1994},
  month = {November},
  category = {dvs},
  url = {ftp://parcftp.xerox.com/pub/sprite/welch/osdi94.ps}
}

@PHDTHESIS{WengTranslation2003,
  author = {T.H. Weng},
  title = {Translation of {OpenMP} to Dataflow Execution Model for Data locality
	and Efficient Parallel Execution},
  school = {Department of Computer Science, University of Houston},
  year = {2003}
}

@INPROCEEDINGS{WengToward2003,
  author = {Tien-Hsiung Weng and Barbara Chapman},
  title = {Toward Optimization of {O}pen{MP} Codes for Synchronization and Data
	Reuse},
  booktitle = {The 2nd Workshop on Hardware/Software Support for High Performane
	Scientific and Engineering Computing (SHPSEC-03), in conjunction
	with the 12th International Conference on Parallel Architectures
	and Compilation Techniques (PACT-03)},
  year = {2003},
  location = {New Orleans, Louisiana}
}

@INPROCEEDINGS{WengImplementing2002,
  author = {Tien-Hsiung Weng and Barbara Chapman},
  title = {Implementing {OpenMP} Using Dataflow Execution Model for Data Locality
	and Efficient Parallel Execution},
  booktitle = {Proceedings of the 7th workshop on High-Level Parallel Programming
	Models and Supportive Environments (HIPS-7)},
  year = {2002},
  publisher = {IEEE Press},
  date = {April},
  location = {Ft. Lauderdale}
}

@ARTICLE{Wijngaart:2003,
  author = {R. Van der Wijngaart and H. Jin},
  title = {{NAS Parallel Benchmarks, Multi-Zone Versions}},
  journal = {NAS Technical Report NAS-03-010},
  year = {2003},
  annote = {NPB-MZ}
}

@INPROCEEDINGS{WolfCombining1996,
  author = {Michael E. Wolf and Dror E. Maydan and Ding-Kai Chen},
  title = {Combining loop transformations considering caches and scheduling},
  booktitle = {MICRO 29: Proceedings of the 29th annual ACM/IEEE international symposium
	on Microarchitecture},
  year = {1996},
  pages = {274--286},
  address = {Washington, DC},
  publisher = {IEEE Computer Society},
  isbn = {0-8186-7641-8},
  location = {Paris, France}
}

@BOOK{WolfeHigh-Performance1995,
  title = {{High-Performance Compilers for Parallel Computing}},
  publisher = {Addison-Wesley},
  year = {1995},
  author = {Michael Wolfe},
  pages = {500},
  owner = {liao},
  timestamp = {2006.11.07}
}

@INPROCEEDINGS{ZhangAdaptive2004,
  author = {Y. Zhang and M. Burcea and V. Cheng and R. Ho and M. Voss},
  title = {{An Adaptive OpenMP loop Scheduler for Hyperthreaded SMPs}},
  booktitle = {Proceeding of the Intl. Conf. on Parallel and Distributed Systems (PDCS-2004)},
  year = {2004},
  address = {San Francisco, CA},
  month = {September}
}

@INPROCEEDINGS{ZhangRuntime2005,
  author = {Yun Zhang and Michael Voss},
  title = {{Runtime Empirical Selection of Loop Schedulers on Hyperthreaded SMPs}},
  booktitle = {IPDPS},
  year = {2005},
  bibsource = {DBLP, http://dblp.uni-trier.de},
  ee = {http://doi.ieeecomputersociety.org/10.1109/IPDPS.2005.386}
}

@BOOK{ZimaSupercompilers1991,
  title = {{Supercompilers for parallel and vector computers}},
  publisher = {ACM Press},
  year = {1991},
  author = {Hans Zima and Barbara Chapman},
  address = {New York, NY},
  isbn = {0-201-17560-6},
  source = {ACM member price \$35.75, order number 704909}
}

@BOOK{MultiCoreDummies:2006,
  title = {{Multi-Core Processing for Dummies}},
  publisher = {Wiley Publishing},
  year = {2006},
  author = {Clark Scheffy},
  address = {Hoboken, NJ},
  isbn = {978-0-470-04957-0}
}

@BOOK{Osterhaug:1989,
  title = { {Guide to Parallel Programming on Sequent Computer Systems}},
  publisher = {Prentice-Hall},
  year = {1989},
  editor = {A. Osterhaug},
  address = {Englewood Cliffs, NJ},
  edition = {2nd},
  annote = {Sequent Balance}
}

@MISC{MPIFORUMweb,
  title = {{MPI Forum} website},
  howpublished = {\url{http://www.mpi-forum.org}},
  annote = {mpi-forum-web-site},
  key = {MPI-Forum}
}


@MISC{compunity,
  title = {{cOMPunity} -- The Community of {OpenMP} Users},
  howpublished = {\url{http://www.compunity.org/}},
  key = {Compunity}
}

@MISC{Omni,
  title = {Omni {OpenMP} Compiler Project},
  howpublished = {\url{http://phase.hpcc.jp/Omni/}},
  owner = {leo},
  timestamp = {2006.10.28}
}

@MISC{oprofile:2004,
  title = {{OProfile}},
  howpublished = {\url{http://oprofile.sourceforge.net/about/}},
  annote = {Oprofile-GNU-GPL}
}

@MISC{Beowulf,
  title = {The {Beowulf} {Cluster} website},
  howpublished = {\url{http://www.beowulf.org}},
  year = {2006},
  owner = {leo},
  timestamp = {2006.10.31}
}

@MISC{Open64,
  title = {The {O}pen64 Compiler},
  howpublished = {\url{http://open64.sourceforge.net}},
  year = {2006}
}

@MANUAL{MIPSpro2002,
  title = {{MIPSpro 7 FORTRAN 90} Commands and Directives Reference Manual},
  organization = {Silicon Graphics Inc.},
  year = {2002},
  chapter = {5: Parallel Processing on Origin Series Systems},
  key = {SGI},
  number = {007-3696-003},
  url = {http:// techpubs.sgi.com}
}

@MISC{Wikipedia,
  title = {Wikipedia website},
  howpublished = {\url{http://http://www.wikipedia.org}},
  annote = {wikipedia-web-site}
}

@INPROCEEDINGS{Norden:2006,
   author = {Norden, M. and L\"of, H. and Rantakokko, J. and Holmgren, S.},
   title = {{Geographical Locality and Dynamic Data Migration for OpenMP Implementations of Adaptive PDE Solvers}},
   booktitle = {Proceedings of the 2nd International Workshop on OpenMP (IWOMP)},
   year = {2006},
}

@MISC{SunMPO:2003,
  author = {Sun Microsystems},
  title = {{Solaris Memory Placement Optimization and Sun Fire Servers}},
  howpublished = {\url{http://www.sun.com/servers/wp/docs/mpo_v7_CUSTOMER.pdf}},
  annote = {MPO-info}
}

@ARTICLE{Mavri:2007,
  author = {Mavriplis, D. J. and Aftosmis, M. J.  and Berger, M.},
  title = {{High Resolution Aerospace Applications Using the NASA Columbia Supercomputer}},
  journal = {International Journal of High Performance Computing Applications},
  year = {2007},
  volume = {21},
  pages = {106-126},
  annote = {ScaleCART3D}
}

@INPROCEEDINGS{Bircsak:2000,
  author = {John Bircsak and Peter Craig and RaeLyn Crowell and Zarka Cvetanovic and Jonathan Harris and C. Alexander Nelson and Carl D. Offner},
  title = {{Extending OpenMP for NUMA Machines}},
  booktitle = {Proceedings of the 2000 ACM/IEEE conference on Supercomputing (CDROM)},
  year = {2000},
  address = {Dallas, TX},
  month = {November},
  isbn = {0-7803-9802-5},
  publisher = {IEEE Computer Society}
}

@MISC{SGIAltix:2007,
  author = {SGI},
  title = {{SGI Altix Family}},
  howpublished = {\url{http://www.sgi.com/products/servers/altix}},
  annote = {Altix}
}

@MISC{IBMbind:2006,
  author = {IBM},
  title = {Processor affinity on {AIX}},
  howpublished = {\url{http://www-128.ibm.com/developerworks/aix/library/au-processinfinity.html}},
  annote = {IBMpbind}
}

@INPROCEEDINGS{JostLG04,
   author    = {Gabriele Jost and Jes{\'u}s Labarta and Judit Gimenez},
   title     = {{What Multilevel Parallel Programs Do When You Are Not Watching:
                A Performance Analysis Case Study Comparing MPI/OpenMP,
		                  MLP, and Nested OpenMP}},
   booktitle = {WOMPAT '04},
   year      = {2004},
   pages     = {29-40},
   publisher = {Springer},
   series    = {Lecture Notes in Computer Science},
   volume    = {3349},
   isbn      = {3-540-24560-X}
}

@MISC{C11_standard,
  key = {C11-ISO},
  title = {The {C11} {Standard}},
  howpublished = {\url{http://www.iso.org/iso/iso_catalogue/catalogue_tc/catalogue_detail.htm?csnumber=57853}}
}

@MISC{C++11_standard,
  key = {C++11-ISO/IEC},
  title = {The {C++11} {Standard}},
  howpublished = {\url{http://www.open-std.org/jtc1/sc22/wg21}}
}

@BOOK{DTrace2006,
  title = {{Solaris Performance and Tools: DTrace and MDB Techniques for Solaris 10 and OpenSolaris}},
  publisher = {Sun Microsystems Press},
  year = {2006},
  author = {Richard McDougall and Jim Mauro and Brendan Gregg},
  isbn = {978-0131568198}
}
@BOOK{DTrace2011,
  title = {{DTrace: Dynamic Tracing in Oracle Solaris, Mac OS X and FreeBSD}},
  publisher = {Prentice Hall},
  year = {2011},
  author = {Brendan Gregg and Jim Mauro},
  isbn = {978-0132091510}
}
@BOOK{DTrace2013,
  title = {{Systems Performance: Enterprise and the Cloud}},
  publisher = {Pearson Education, Inc},
  year = {2013},
  author = {Brendan Gregg},
  isbn = {978-0133390094}
}
%  howpublished = {\url{http://docs.oracle.com/cd/E23824_01/html/E22973/toc.html}},
@MISC{DTraceDoc,
  title = {{Oracle Solaris Dynamic Tracing Guide}},
  howpublished = {\url{http://docs.oracle.com/cd/E53394_01/html/E53395/index.html}},
  year = {2017},
  number = {E53394_01},
  key = {Dtrace}
}
@MISC{DTraceOrg,
  title = {{DTrace website}},
  howpublished = {\url{http://dtrace.org}},
  annote = {dtrace.org},
  key = {DTrace}
}
@MISC{DTraceScriptRuud,
  title = {{DTrace thread affinity script}},
  howpublished = {\url{http://blogs.oracle.com/ruud}},
  annote = {Ruud's blog},
  key = {DTrace}
}
@MISC{DTraceLevinthal,
  title = {{Adam Levinthal's blog}},
  howpublished = {\url{https://blogs.oracle.com/ahl/entry/dtrace_knockoffs}},
  key = {DTrace}
}
@MISC{SystemTap,
  title = {{SystemTap website}},
  howpublished = {\url{http://sourceware.org/systemtap/wiki}},
  annote = {systemtap},
  key = {SystemTap}
}
@MISC{Quicksort,
  title = {{Quicksort Wikipedia website}},
  howpublished = {\url{http://en.wikipedia.org/wiki/Quicksort}},
  annote = {Quicksort},
  key = {Quicksort}
}

@MISC{OpenCL-website,
  author = {Khronos Group},
  title = {{\emph{OpenCL\texttrademark} Open Computing Language}},
  howpublished = {\url{http://www.khronos.org/opencl}},
  annote = {opencl-web-site}
}

@MISC{CUDA-website,
  author = {Nvidia},
  title = {{CUDA\texttrademark} Programming Model},
  howpublished = {\url{http://docs.nvidia.com/cuda}},
  annote = {cuda-web-site}
}

@MISC{OMP-TR,
  title = {{OpenMP Active Technical Report Drafts and Proposals}},
  howpublished = {\url{http://www.openmp.org/specifications}},
  annote = {openmp-technical-reports},
  key = {OpenMP-TR}
}

@article{Ayguade2009,
 author = {Ayguad{\'e}, Eduard and Copty, Nawal and Duran, Alejandro and Hoeflinger, Jay and Lin, Yuan and Massaioli, Federico and Teruel, Xavier and Unnikrishnan, Priya and Zhang, Guansong},
 title = {\emph{The Design of OpenMP Tasks}},
 journal = {IEEE Trans. Parallel Distrib. Syst.},
 issue_date = {March 2009},
 volume = {20},
 number = {3},
 month = mar,
 year = {2009},
 issn = {1045-9219},
 pages = {404--418},
 numpages = {15},
 url = {http://dx.doi.org/10.1109/TPDS.2008.105},
 doi = {10.1109/TPDS.2008.105},
 acmid = {1512430},
 publisher = {IEEE Press},
 address = {Piscataway, NJ, USA},
 keywords = {Concurrent, Concurrent Programming, Concurrent programming structures, Concurrent, distributed, and parallel languages, Concurrent Programming, Concurrent programming structures, and parallel languages, distributed},
} 

% Standard and shorten references for IWOMP papers

@Inproceedings{Beyer2011,
author="Beyer, James C.
and Stotzer, Eric J.
and Hart, Alistair
and de Supinski, Bronis R.",
editor="Chapman, Barbara M.
and Gropp, William D.
and Kumaran, Kalyan
and M{\"u}ller, Matthias S.",
title="\emph{OpenMP for Accelerators}",
bookTitle="IWOMP 2011",
series = {Lecture Notes in Computer Science},
volume={6665},
year="2011",
publisher="Springer, Berlin, Heidelberg",
pages="108--121", isbn="978-3-642-21487-5",
doi="10.1007/978-3-642-21487-5_9",
url="http://dx.doi.org/10.1007/978-3-642-21487-5_9"
}

@Inproceedings{Klemm2012,
  author={Klemm, Michael and Duran, Alejandro and Tian, Xinmin and Saito, Hideki and Caballero, Diego and Martorell, Xavier},
  editor={Chapman, Barbara M. and Massaioli, Federico and M{\"u}ller, Matthias S. and Rorro, Marco},
  title={{Extending OpenMP* with Vector Constructs for Modern Multicore SIMD Architectures}},
  bookTitle={{IWOMP 2012}},
  series = {Lecture Notes in Computer Science},
  volume={7312},
  year={2012},
  publisher={Springer, Berlin, Heidelberg},
  pages={59--72},
  isbn={978-3-642-30961-8},
  doi={10.1007/978-3-642-30961-8_5}
}

@Inproceedings{Eichenberger2012,
author="Eichenberger, Alexandre E.
and Terboven, Christian
and Wong, Michael
and an Mey, Dieter",
editor="Chapman, Barbara M.
and Massaioli, Federico
and M{\"u}ller, Matthias S.
and Rorro, Marco",
title="\emph{The Design of OpenMP Thread Affinity}",
bookTitle="IWOMP 2012",
series = {Lecture Notes in Computer Science},
volume={7312},
year="2012",
publisher="Springer, Berlin, Heidelberg",
pages="15--28",
isbn="978-3-642-30961-8",
doi="10.1007/978-3-642-30961-8_2",
url="http://dx.doi.org/10.1007/978-3-642-30961-8_2"
}

%bookTitle="OpenMP in the Era of Low Power Devices and Accelerators: 9th International Workshop on OpenMP, IWOMP 2013, Canberra, ACT, Australia, September 16-18, 2013. Proceedings",
@Inproceedings{Shirako2013,
author="Shirako, Jun
and Unnikrishnan, Priya
and Chatterjee, Sanjay
and Li, Kelvin
and Sarkar, Vivek",
editor="Rendell, Alistair P.
and Chapman, Barbara M.
and M{\"u}ller, Matthias S.",
title="\emph{Expressing DOACROSS Loop Dependences in OpenMP}",
bookTitle="IWOMP 2013",
series = {Lecture Notes in Computer Science},
volume ={8122},
year="2013",
publisher="Springer, Berlin, Heidelberg",
pages="30--44",
isbn="978-3-642-40698-0",
doi="10.1007/978-3-642-40698-0_3",
url="http://dx.doi.org/10.1007/978-3-642-40698-0_3"
}

@BOOK{Hennessy:2011,
  title = {Computer Architecture: A Quantitative Approach},
  publisher = {Morgan Kaufmann Publishers, Inc.},
  year = {2011},
  author = {J.L. Hennessy and D.A. Patterson },
  address = {San Francisco, CA},
  edition = {5th}
}
