@book{ParPatterns,
Address = {Boston, MA},
Author = {Timothy G. Mattson and Beverly A. Sanders and Berna L. Massingil},
Publisher = {Addison-Wesley},
Title = {Patterns for Parallel Programming},
Year = {2005}}

@book{OpenCLBook,
Address = {Boston, MA},
Author = {Aaftab Munshi and Ben Gaster and Timothy G. Mattson and James Fung and Dan Ginsburg},
Publisher = {Addison-Wesley},
Title = {OpenCL Programming Guide},
Year = {2011}}

@book{UseOMP,
Address = {Cambridge, MA},
Author = {Barbara Chapman and Gabriele Jost and Ruud Van der Pas},
Publisher = {The MIT Press},
Title = {Using OpenMP: Portable Shared Memory Parallel Programming},
Year = {2008}}

@book{OmpNext,
Address = {Cambridge, MA},
Author = {Ruud {van der Pas} and Eric Stotzer and Christian Terboven},
Publisher = {The MIT Press},
Title = {Using OpenMP -- The Next Step}, 
Year = {2017}}

@book{cppMemMod,
Address = {Shelter Island, NY},
Author = {Anthony Williams},
Publisher = {Manning},
Title = {C++ Concurrency in Action},
Year = {2012}}

@article{HPX,
Author = {Hartmut Kaiser and Bryce Adelstein Lelbach and Thomas Heller and Agust\'in Berg\'e and Mikael Simberg and John Biddiscombe and Christopher},
Title = {HPX V1.2.1: The C++ Standards Library for Parallelism and Concurrency},
url = {http://doi.org/10.5281/zenodo.2573213},
Year = {2019}}


@article{HowGood,
Author = {Timothy G. Mattson},
Journal = {Scientific Programming},
Number = {2},
Pages = {81--93},
Title = {How Good is OpenMP?},
Volume = {11},
Year = {2003}}


@article{Amdahl,
Author = {Gene M. Amdahl},
Journal = {Proceedings of the Spring Joint Computer Conference},
Pages = {483--485},
Title = {Validity of the single processor approach to achieving large scale computing capabilities},
url={https://dl.acm.org/citation.cfm?id=1465560},
Year = {1967}}

@article{vonNeumann,
Author = {John von Neumann},
Journal = {"Contract No. W-670-ORD-4926 between U.S. Army Ordnance Dept. and the Univ. of Pennsylvania"},
Title = {First Draft of a Report on the EDVAC},
Year = {1945}}


@article{Dennard,
Author = {Robert H. Dennard and Fritz Gaensslen and Hwa-Nien Yu and Leo Rideout and Ernest Bassous and Andre LeBlanc},
Journal = {IEEE Journal of Solid State Circuits},
Number = {5},
Title = {Design of ion-implanted MOSFET's with very small physical dimensions},
Volume = {SC-9},
Year = {1974}}

@article{lamport15,
  title = {{Turing Lecture: The Computer Science of Concurrency: The early years}},
  author = {Leslie Lamport},
  journal = {Communications of the ACM},
  volume = {58},
  number = {6},
  year = {2015},
  pages = {71--76},
  url = {http://cacm.acm.org/magazines/2015/6/187316-turing-lecture-the-computer-science-of-concurrency/fulltext}
  }
  
  @article{lamport78,
  title = {{Time, Clocks, and the Ordering of Events in a Distributed System}},
  author = {Leslie Lamport},
  journal = {Communications of the ACM},
  volume = {21},
  number = {7},
  year = {1978},
  pages = {558--565},
  url = {https://amturing.acm.org/p558-lamport.pdf}
  }
  
  
@article{Mattson08,
  title = {{Programming Intel's 80 core terascale processor}},
  author = {Tim Mattson and Rob van der Wijngaart and Michael Frumkin},
  journal = {Proceedings of SC08: the International Conference for HPC, Networking, Storage, and Analysis},
  year = {2008},
  url = {https://ieeexplore.ieee.org/document/5213921}
}

@inproceedings{Hogwild,
 author = {Niu, Feng and Recht, Benjamin and Re, Christopher and Wright, Stephen J.},
 title = {HOGWILD!: A Lock-free Approach to Parallelizing Stochastic Gradient Descent},
 booktitle = {Proceedings of the 24th International Conference on Neural Information Processing Systems},
 series = {NIPS'11},
 year = {2011},
 isbn = {978-1-61839-599-3},
 location = {Granada, Spain},
 pages = {693--701},
 numpages = {9},
 url = {http://dl.acm.org/citation.cfm?id=2986459.2986537},
 acmid = {2986537},
 publisher = {Curran Associates Inc.},
 address = {USA},
}
    
  @article{dijkstra,
  title = {{Solution of a problem in concurrent programming control}},
  author = {E. W. Dijkstra},
  journal = {Communications of the ACM},
  volume = {8},
  number = {9},
  year = {1965},
  pages = {569},
  url = {http://dl.acm.org/citation.cfm?id=365617}
  }
  
@Manual{x86vec,
  title = {{Intrinsics Guide}},
  author = {Intel},
  note  = {Available at https://software.intel.com/sites/landingpage/IntrinsicsGuide/}
}
  
  @article{roofline,
  title = {{Roofline: an insightful visual performance model for multicore architectures}},
  author = {Samuel Williams and Andrew Waterman and David Patterson},
  journal = {Communications of the ACM},
  volume = {52},
  number = {4},
  year = {2009},
  pages = {65--76},
  url = {https://dl.acm.org/citation.cfm?id=1498785}
  }  
@article{ompEvol2018,
  title = {{The Ongoing Evolution of OpenMP}},
  author = {Bronis R. de Supinski and Thomas R. W. Scogland and Alejandro Duran and Michael Klemm and
  Sergi Mateo Bellido and Stephen L. Olivier and Christian Terboven and Timothy G. Mattson},
  journal = {Proceedings of the IEEE},
  volume = {106},
  number = {11},
  year = {2018},
  pages = {2004-2019},
  url = {https://ieeexplore.ieee.org/document/8434208}
  }  

@TECHREPORT{McCalpin2007,
  author = {John D. McCalpin},
  title = {STREAM: Sustainable Memory Bandwidth in High Performance Computers},
  institution = {University of Virginia},
  year = {1991-2007},
  address = {Charlottesville, Virginia},
  note = {A continually updated technical report.
http://www.cs.virginia.edu/stream/},
  url = {http://www.cs.virginia.edu/stream/}
}
